%YAML 1.1
%TAG !u! tag:unity3d.com,2011:
--- !u!29 &1
OcclusionCullingSettings:
  m_ObjectHideFlags: 0
  serializedVersion: 2
  m_OcclusionBakeSettings:
    smallestOccluder: 5
    smallestHole: 0.25
    backfaceThreshold: 100
  m_SceneGUID: 00000000000000000000000000000000
  m_OcclusionCullingData: {fileID: 0}
--- !u!104 &2
RenderSettings:
  m_ObjectHideFlags: 0
  serializedVersion: 8
  m_Fog: 0
  m_FogColor: {r: 0.5, g: 0.5, b: 0.5, a: 1}
  m_FogMode: 3
  m_FogDensity: 0.01
  m_LinearFogStart: 0
  m_LinearFogEnd: 300
  m_AmbientSkyColor: {r: 0.212, g: 0.227, b: 0.259, a: 1}
  m_AmbientEquatorColor: {r: 0.114, g: 0.125, b: 0.133, a: 1}
  m_AmbientGroundColor: {r: 0.047, g: 0.043, b: 0.035, a: 1}
  m_AmbientIntensity: 1
  m_AmbientMode: 0
  m_SubtractiveShadowColor: {r: 0.42, g: 0.478, b: 0.627, a: 1}
  m_SkyboxMaterial: {fileID: 10304, guid: 0000000000000000f000000000000000, type: 0}
  m_HaloStrength: 0.5
  m_FlareStrength: 1
  m_FlareFadeSpeed: 3
  m_HaloTexture: {fileID: 0}
  m_SpotCookie: {fileID: 10001, guid: 0000000000000000e000000000000000, type: 0}
  m_DefaultReflectionMode: 0
  m_DefaultReflectionResolution: 128
  m_ReflectionBounces: 1
  m_ReflectionIntensity: 1
  m_CustomReflection: {fileID: 0}
  m_Sun: {fileID: 0}
  m_IndirectSpecularColor: {r: 0.18028378, g: 0.22571412, b: 0.30692285, a: 1}
--- !u!157 &3
LightmapSettings:
  m_ObjectHideFlags: 0
  serializedVersion: 11
  m_GIWorkflowMode: 0
  m_GISettings:
    serializedVersion: 2
    m_BounceScale: 1
    m_IndirectOutputScale: 1
    m_AlbedoBoost: 1
    m_TemporalCoherenceThreshold: 1
    m_EnvironmentLightingMode: 0
    m_EnableBakedLightmaps: 1
    m_EnableRealtimeLightmaps: 1
  m_LightmapEditorSettings:
    serializedVersion: 9
    m_Resolution: 2
    m_BakeResolution: 40
    m_TextureWidth: 1024
    m_TextureHeight: 1024
    m_AO: 0
    m_AOMaxDistance: 1
    m_CompAOExponent: 1
    m_CompAOExponentDirect: 0
    m_Padding: 2
    m_LightmapParameters: {fileID: 0}
    m_LightmapsBakeMode: 1
    m_TextureCompression: 1
    m_FinalGather: 0
    m_FinalGatherFiltering: 1
    m_FinalGatherRayCount: 256
    m_ReflectionCompression: 2
    m_MixedBakeMode: 2
    m_BakeBackend: 0
    m_PVRSampling: 1
    m_PVRDirectSampleCount: 32
    m_PVRSampleCount: 500
    m_PVRBounces: 2
    m_PVRFilterTypeDirect: 0
    m_PVRFilterTypeIndirect: 0
    m_PVRFilterTypeAO: 0
    m_PVRFilteringMode: 1
    m_PVRCulling: 1
    m_PVRFilteringGaussRadiusDirect: 1
    m_PVRFilteringGaussRadiusIndirect: 5
    m_PVRFilteringGaussRadiusAO: 2
    m_PVRFilteringAtrousPositionSigmaDirect: 0.5
    m_PVRFilteringAtrousPositionSigmaIndirect: 2
    m_PVRFilteringAtrousPositionSigmaAO: 1
    m_ShowResolutionOverlay: 1
  m_LightingDataAsset: {fileID: 112000002, guid: 34ae8e4d7a4acd64797a995f80936456,
    type: 2}
  m_UseShadowmask: 1
--- !u!196 &4
NavMeshSettings:
  serializedVersion: 2
  m_ObjectHideFlags: 0
  m_BuildSettings:
    serializedVersion: 2
    agentTypeID: 0
    agentRadius: 0.5
    agentHeight: 2
    agentSlope: 45
    agentClimb: 0.4
    ledgeDropHeight: 0
    maxJumpAcrossDistance: 0
    minRegionArea: 2
    manualCellSize: 0
    cellSize: 0.16666667
    manualTileSize: 0
    tileSize: 256
    accuratePlacement: 0
    debug:
      m_Flags: 0
  m_NavMeshData: {fileID: 0}
--- !u!1001 &85624081
Prefab:
  m_ObjectHideFlags: 0
  serializedVersion: 2
  m_Modification:
    m_TransformParent: {fileID: 789625553}
    m_Modifications: []
    m_RemovedComponents: []
  m_ParentPrefab: {fileID: 100100000, guid: fbfdf405a7550d8469d8fc74f2ea248c, type: 2}
  m_IsPrefabParent: 0
--- !u!1001 &436968877
Prefab:
  m_ObjectHideFlags: 0
  serializedVersion: 2
  m_Modification:
    m_TransformParent: {fileID: 0}
    m_Modifications:
    - target: {fileID: 4748061268220342, guid: e27c6967a7e1f5b4ca081fbdc3e79f35, type: 2}
      propertyPath: m_LocalPosition.x
      value: 0
      objectReference: {fileID: 0}
    - target: {fileID: 4748061268220342, guid: e27c6967a7e1f5b4ca081fbdc3e79f35, type: 2}
      propertyPath: m_LocalPosition.y
      value: 5
      objectReference: {fileID: 0}
    - target: {fileID: 4748061268220342, guid: e27c6967a7e1f5b4ca081fbdc3e79f35, type: 2}
      propertyPath: m_LocalPosition.z
      value: 0
      objectReference: {fileID: 0}
    - target: {fileID: 4748061268220342, guid: e27c6967a7e1f5b4ca081fbdc3e79f35, type: 2}
      propertyPath: m_LocalRotation.x
      value: -0
      objectReference: {fileID: 0}
    - target: {fileID: 4748061268220342, guid: e27c6967a7e1f5b4ca081fbdc3e79f35, type: 2}
      propertyPath: m_LocalRotation.y
      value: -0
      objectReference: {fileID: 0}
    - target: {fileID: 4748061268220342, guid: e27c6967a7e1f5b4ca081fbdc3e79f35, type: 2}
      propertyPath: m_LocalRotation.z
      value: -0
      objectReference: {fileID: 0}
    - target: {fileID: 4748061268220342, guid: e27c6967a7e1f5b4ca081fbdc3e79f35, type: 2}
      propertyPath: m_LocalRotation.w
      value: 1
      objectReference: {fileID: 0}
    - target: {fileID: 4748061268220342, guid: e27c6967a7e1f5b4ca081fbdc3e79f35, type: 2}
      propertyPath: m_RootOrder
      value: 2
      objectReference: {fileID: 0}
    m_RemovedComponents: []
  m_ParentPrefab: {fileID: 100100000, guid: e27c6967a7e1f5b4ca081fbdc3e79f35, type: 2}
  m_IsPrefabParent: 0
--- !u!1 &436968878 stripped
GameObject:
  m_PrefabParentObject: {fileID: 1974688932340586, guid: e27c6967a7e1f5b4ca081fbdc3e79f35,
    type: 2}
  m_PrefabInternal: {fileID: 436968877}
--- !u!1 &436968879 stripped
GameObject:
  m_PrefabParentObject: {fileID: 1016024102599054, guid: e27c6967a7e1f5b4ca081fbdc3e79f35,
    type: 2}
  m_PrefabInternal: {fileID: 436968877}
--- !u!1 &436968880 stripped
GameObject:
  m_PrefabParentObject: {fileID: 1473514234812874, guid: e27c6967a7e1f5b4ca081fbdc3e79f35,
    type: 2}
  m_PrefabInternal: {fileID: 436968877}
--- !u!1 &436968881 stripped
GameObject:
  m_PrefabParentObject: {fileID: 1384922871167492, guid: e27c6967a7e1f5b4ca081fbdc3e79f35,
    type: 2}
  m_PrefabInternal: {fileID: 436968877}
--- !u!1 &436968882 stripped
GameObject:
  m_PrefabParentObject: {fileID: 1140482526434004, guid: e27c6967a7e1f5b4ca081fbdc3e79f35,
    type: 2}
  m_PrefabInternal: {fileID: 436968877}
--- !u!1 &436968883 stripped
GameObject:
  m_PrefabParentObject: {fileID: 1545810759648578, guid: e27c6967a7e1f5b4ca081fbdc3e79f35,
    type: 2}
  m_PrefabInternal: {fileID: 436968877}
--- !u!1 &713086976
GameObject:
  m_ObjectHideFlags: 0
  m_PrefabParentObject: {fileID: 0}
  m_PrefabInternal: {fileID: 0}
  serializedVersion: 5
  m_Component:
  - component: {fileID: 713086977}
  m_Layer: 13
  m_Name: Cameras
  m_TagString: Untagged
  m_Icon: {fileID: 0}
  m_NavMeshLayer: 0
  m_StaticEditorFlags: 0
  m_IsActive: 1
--- !u!4 &713086977
Transform:
  m_ObjectHideFlags: 0
  m_PrefabParentObject: {fileID: 0}
  m_PrefabInternal: {fileID: 0}
  m_GameObject: {fileID: 713086976}
  m_LocalRotation: {x: 0, y: 0, z: 0, w: 1}
  m_LocalPosition: {x: 0, y: 0, z: 0}
  m_LocalScale: {x: 1, y: 1, z: 1}
  m_Children:
  - {fileID: 1558612797}
  m_Father: {fileID: 1573751162}
  m_RootOrder: 1
  m_LocalEulerAnglesHint: {x: 0, y: 0, z: 0}
--- !u!1 &789625552
GameObject:
  m_ObjectHideFlags: 0
  m_PrefabParentObject: {fileID: 0}
  m_PrefabInternal: {fileID: 0}
  serializedVersion: 5
  m_Component:
  - component: {fileID: 789625553}
  m_Layer: 13
  m_Name: Lights
  m_TagString: Untagged
  m_Icon: {fileID: 0}
  m_NavMeshLayer: 0
  m_StaticEditorFlags: 0
  m_IsActive: 1
--- !u!4 &789625553
Transform:
  m_ObjectHideFlags: 0
  m_PrefabParentObject: {fileID: 0}
  m_PrefabInternal: {fileID: 0}
  m_GameObject: {fileID: 789625552}
  m_LocalRotation: {x: 0, y: 0, z: 0, w: 1}
  m_LocalPosition: {x: 0, y: 0, z: 0}
  m_LocalScale: {x: 1, y: 1, z: 1}
  m_Children:
  - {fileID: 1214134937}
  m_Father: {fileID: 1573751162}
  m_RootOrder: 0
  m_LocalEulerAnglesHint: {x: 0, y: 0, z: 0}
--- !u!1 &1214134935 stripped
GameObject:
  m_PrefabParentObject: {fileID: 1144332124412902, guid: fbfdf405a7550d8469d8fc74f2ea248c,
    type: 2}
  m_PrefabInternal: {fileID: 85624081}
--- !u!4 &1214134937 stripped
Transform:
  m_PrefabParentObject: {fileID: 4732217449898890, guid: fbfdf405a7550d8469d8fc74f2ea248c,
    type: 2}
  m_PrefabInternal: {fileID: 85624081}
--- !u!1001 &1558612796
Prefab:
  m_ObjectHideFlags: 0
  serializedVersion: 2
  m_Modification:
    m_TransformParent: {fileID: 713086977}
    m_Modifications:
    - target: {fileID: 4349257259759996, guid: 2efa93c837a5e64449dc3d16b93509e0, type: 2}
      propertyPath: m_LocalPosition.x
      value: -10.355236
      objectReference: {fileID: 0}
    - target: {fileID: 4349257259759996, guid: 2efa93c837a5e64449dc3d16b93509e0, type: 2}
      propertyPath: m_LocalPosition.y
      value: 7.203723
      objectReference: {fileID: 0}
    - target: {fileID: 4349257259759996, guid: 2efa93c837a5e64449dc3d16b93509e0, type: 2}
      propertyPath: m_LocalPosition.z
      value: -6.7243595
      objectReference: {fileID: 0}
    - target: {fileID: 4349257259759996, guid: 2efa93c837a5e64449dc3d16b93509e0, type: 2}
      propertyPath: m_LocalRotation.x
      value: 0.19198428
      objectReference: {fileID: 0}
    - target: {fileID: 4349257259759996, guid: 2efa93c837a5e64449dc3d16b93509e0, type: 2}
      propertyPath: m_LocalRotation.y
      value: 0.45080337
      objectReference: {fileID: 0}
    - target: {fileID: 4349257259759996, guid: 2efa93c837a5e64449dc3d16b93509e0, type: 2}
      propertyPath: m_LocalRotation.z
      value: -0.09994069
      objectReference: {fileID: 0}
    - target: {fileID: 4349257259759996, guid: 2efa93c837a5e64449dc3d16b93509e0, type: 2}
      propertyPath: m_LocalRotation.w
      value: 0.8659852
      objectReference: {fileID: 0}
    - target: {fileID: 4349257259759996, guid: 2efa93c837a5e64449dc3d16b93509e0, type: 2}
      propertyPath: m_RootOrder
      value: 0
      objectReference: {fileID: 0}
    m_RemovedComponents: []
  m_ParentPrefab: {fileID: 100100000, guid: 2efa93c837a5e64449dc3d16b93509e0, type: 2}
  m_IsPrefabParent: 0
--- !u!4 &1558612797 stripped
Transform:
  m_PrefabParentObject: {fileID: 4349257259759996, guid: 2efa93c837a5e64449dc3d16b93509e0,
    type: 2}
  m_PrefabInternal: {fileID: 1558612796}
--- !u!1 &1558612798 stripped
GameObject:
  m_PrefabParentObject: {fileID: 1530561216390542, guid: 2efa93c837a5e64449dc3d16b93509e0,
    type: 2}
  m_PrefabInternal: {fileID: 1558612796}
--- !u!1 &1573751161
GameObject:
  m_ObjectHideFlags: 0
  m_PrefabParentObject: {fileID: 0}
  m_PrefabInternal: {fileID: 0}
  serializedVersion: 5
  m_Component:
  - component: {fileID: 1573751162}
  m_Layer: 13
  m_Name: Environment
  m_TagString: Untagged
  m_Icon: {fileID: 0}
  m_NavMeshLayer: 0
  m_StaticEditorFlags: 0
  m_IsActive: 1
--- !u!4 &1573751162
Transform:
  m_ObjectHideFlags: 0
  m_PrefabParentObject: {fileID: 0}
  m_PrefabInternal: {fileID: 0}
  m_GameObject: {fileID: 1573751161}
  m_LocalRotation: {x: 0, y: 0, z: 0, w: 1}
  m_LocalPosition: {x: 0, y: 0, z: 0}
  m_LocalScale: {x: 1, y: 1, z: 1}
  m_Children:
  - {fileID: 789625553}
  - {fileID: 713086977}
  m_Father: {fileID: 0}
  m_RootOrder: 0
  m_LocalEulerAnglesHint: {x: 0, y: 0, z: 0}
--- !u!1 &1682974445
GameObject:
  m_ObjectHideFlags: 19
  m_PrefabParentObject: {fileID: 0}
  m_PrefabInternal: {fileID: 0}
  serializedVersion: 5
  m_Component:
  - component: {fileID: 1682974447}
  - component: {fileID: 1682974446}
  m_Layer: 0
  m_Name: DescriptionHelperObject
  m_TagString: Untagged
  m_Icon: {fileID: 0}
  m_NavMeshLayer: 0
  m_StaticEditorFlags: 0
  m_IsActive: 1
--- !u!114 &1682974446
MonoBehaviour:
  m_ObjectHideFlags: 19
  m_PrefabParentObject: {fileID: 0}
  m_PrefabInternal: {fileID: 0}
  m_GameObject: {fileID: 1682974445}
  m_Enabled: 1
  m_EditorHideFlags: 0
  m_Script: {fileID: 11500000, guid: b2456740db25f46459a541a36ec8878a, type: 3}
  m_Name: 
  m_EditorClassIdentifier: 
  Hash1: []
  Hash2: []
  Hash3:
  - list:
    - {fileID: 1558612798}
    ActiveGameObject: {fileID: 1558612798}
  - list:
    - {fileID: 713086976}
    ActiveGameObject: {fileID: 713086976}
  - list:
    - {fileID: 1573751161}
    ActiveGameObject: {fileID: 1573751161}
  - list:
    - {fileID: 1214134935}
    ActiveGameObject: {fileID: 1214134935}
  - list:
    - {fileID: 436968878}
    ActiveGameObject: {fileID: 436968878}
  - list:
    - {fileID: 789625552}
    ActiveGameObject: {fileID: 789625552}
  - list:
    - {fileID: 436968880}
    ActiveGameObject: {fileID: 436968880}
  - list:
    - {fileID: 436968882}
    ActiveGameObject: {fileID: 436968882}
  - list:
    - {fileID: 436968883}
    ActiveGameObject: {fileID: 436968883}
  - list:
    - {fileID: 436968881}
    ActiveGameObject: {fileID: 436968881}
  - list:
    - {fileID: 436968879}
    ActiveGameObject: {fileID: 436968879}
  - list:
    - {fileID: 0}
    ActiveGameObject: {fileID: 0}
  - list:
    - {fileID: 0}
    - {fileID: 0}
    - {fileID: 0}
    - {fileID: 0}
    - {fileID: 0}
    - {fileID: 0}
    - {fileID: 0}
    - {fileID: 0}
    ActiveGameObject: {fileID: 0}
  - list:
    - {fileID: 0}
    ActiveGameObject: {fileID: 0}
  - list:
    - {fileID: 0}
    ActiveGameObject: {fileID: 0}
  - list:
    - {fileID: 0}
    ActiveGameObject: {fileID: 0}
  - list:
    - {fileID: 0}
    ActiveGameObject: {fileID: 0}
  - list:
    - {fileID: 0}
    ActiveGameObject: {fileID: 0}
  - list:
    - {fileID: 0}
    ActiveGameObject: {fileID: 0}
  - list:
    - {fileID: 0}
    ActiveGameObject: {fileID: 0}
  Hash4: []
  Hash5: []
  Hash6: []
  Hash7: []
  Hash8: []
  Hash9: []
  Hash10: []
  _enableRegistrator: 0
--- !u!4 &1682974447
Transform:
  m_ObjectHideFlags: 19
  m_PrefabParentObject: {fileID: 0}
  m_PrefabInternal: {fileID: 0}
  m_GameObject: {fileID: 1682974445}
  m_LocalRotation: {x: 0, y: 0, z: 0, w: 1}
  m_LocalPosition: {x: 0, y: 0, z: 0}
  m_LocalScale: {x: 1, y: 1, z: 1}
  m_Children: []
  m_Father: {fileID: 0}
  m_RootOrder: 1
  m_LocalEulerAnglesHint: {x: 0, y: 0, z: 0}
